@misc{coles_2017, title={How to set up SQLite for Unity}, url={https://ornithoptergames.com/how-to-set-up-sqlite-for-unity/}, journal={Ornithopter Games}, publisher={Ornithopter Games}, author={Coles, Tyler}, year={2017}, month={Nov}}

@misc{ishant_2013, title={Setting up Ubuntu virtual machine in Oracle Virtualbox}, url={https://ilearnstack.com/2013/04/13/setting-ubuntu-vm-in-virtualbox/}, journal={iLearnStack}, author={Ishant}, year={2013}, month={Jun}}

@misc{picovoice_2018, title={Porcupine on-device wake word detection powered by deep learning}, url={https://github.com/Picovoice/Porcupine}, journal={Porcupine GitHub}, author={Picovoice}, year={2018}, month={Nov}}

@misc{Mordvintsev_2013, title={Changing Colorspaces}, url={https://opencv-python-tutroals.readthedocs.io/en/latest/py\_tutorials/py\_imgproc/py\_colorspaces/py\_colorspaces.html}, author={Mordvintsev, Alexander}, year={2013}}

@misc{Sharma, title={WebCam Motion Detector in Python}, url={https://www.geeksforgeeks.org/webcam-motion-detector-python/}, author={Sharma}}

@misc{unity_tut, title={Survival Shooter Tutorial}, url={https://unity3d.com/learn/tutorials/s/survival-shooter-tutorial}, journal={unity3d.com}, publisher={unity}, year={2018}, month={Nov}}

@misc{unity_apis, title={Unity-Scripting API:}, url={https://docs.unity3d.com/ScriptReference/}, journal={unity3d.com}, publisher={unity}, year={2019}, month={Mar}}

@INPROCEEDINGS{5975346, 
author={S. O. H. {Madgwick} and A. J. L. {Harrison} and R. {Vaidyanathan}}, 
booktitle={2011 IEEE International Conference on Rehabilitation Robotics}, 
title={Estimation of IMU and MARG orientation using a gradient descent algorithm}, 
year={2011}, 
volume={}, 
number={}, 
pages={1-7}, 
keywords={accelerometers;biomechanics;biomedical equipment;biomedical measurement;estimation theory;gradient methods;gyroscopes;magnetic sensors;magnetometers;mean square error methods;patient rehabilitation;IMU;MARG orientation;gradient descent algorithm;orientation algorithm;wearable inertial human motion tracking system;rehabilitation applications;inertial measurement units;triaxis gyroscopes;accelerometers;magnetic angular rate;gravity sensor arrays;triaxis magnetometers;magnetic distortion compensation;quaternion representation;gyroscope measurement error;quaternion derivative;orientation sensor;optical measurement system;propriety Kalman-based algorithm;static RMS error;dynamic RMS error;sampling rates;Equations;Mathematical model;Magnetometers;Gyroscopes;Heuristic algorithms;Quaternions;Accelerometers;Algorithms;Biomechanics;Humans;Orientation}, 
doi={10.1109/ICORR.2011.5975346}, 
ISSN={1945-7901}, 
month={June},}