@misc{meela_2017, title={TCP VS. UDP – Medium}, url={https://medium.com/@Meela349588204/tcp-vs-udp-8aba3c4efb72}, journal={medium.com}, publisher={medium}, author={Meela}, year={2017}, month={Sep}}

@misc{karelz, title={UdpClient Class (System.Net.Sockets)}, url={https://docs.microsoft.com/en-us/dotnet/api/system.net.sockets.udpclient?view=netframework-4.7.2}, journal={Microsoft Docs}, author={Karelz}}

@misc{karelz_2, title={Using UDP Services}, url={https://docs.microsoft.com/en-us/dotnet/framework/network-programming/using-udp-services}, journal={Microsoft Docs}, author={Karelz}}

@misc{ozzmaker_2017, title={BerryIMU Quick Start Guide}, url={http://ozzmaker.com/berryimu-quick-start-guide/}, journal={ozzmaker.com}, author={OzzMaker}, year={2017}, month={Dec}}

@misc{stack_overflow, title={Send Data from [Python Client] to [C\# Server] using Socket}, url={https://stackoverflow.com/questions/51185293/send-data-from-python-client-to-c-server-using-socket}, journal={Stack Overflow}}

@misc{raspberry_pi_stack_exchange, title={Sending live data readings from Raspberry Pi to laptop}, url={https://raspberrypi.stackexchange.com/questions/14518/sending-live-data-readings-from-raspberry-pi-to-laptop}, journal={Raspberry Pi Stack Exchange}}

@misc{williams_2017, title={Guide to interfacing a Gyro and Accelerometer with a Raspberry Pi}, url={http://ozzmaker.com/berryimu/}, journal={ozzmaker.com}, author={Williams, Mark}, year={2017}, month={Jun}}

@misc{newtonsoft, title={Querying LINQ to JSON}, url={https://www.newtonsoft.com/json/help/html/QueryingLINQtoJSON.htm}, journal={NewtonSoft}, author={NewtonSoft}}

@misc{amos_2018, title={The Ultimate Guide To Speech Recognition With Python – Real Python}, url={https://realpython.com/python-speech-recognition/}, journal={Real Python}, publisher={Real Python}, author={Amos, David}, year={2018}, month={Mar}}

@misc{uberi_2018, title={Uberi/speech\_recognition}, url={https://github.com/Uberi/speech\_recognition/}, journal={GitHub}, author={Uberi}, year={2018}, month={Oct}}

@misc{moon_2012, title={Programming udp sockets in python}, url={https://www.binarytides.com/programming-udp-sockets-in-python/}, journal={BinaryTides}, author={Moon, Silver}, year={2012}, month={Oct}}

@misc{campbell_2012, title={CS 60 Computer Networks (Socket Programming)}, url={https://www.cs.dartmouth.edu/~campbell/cs60/socketprogramming.html}, journal={Department of Computer Science |}, author={Campbell, Andrew}, year={2012}, month={Apr}}

@misc{Mordvintsev_2013, title={Changing Colorspaces}, url={https://opencv-python-tutroals.readthedocs.io/en/latest/py\_tutorials/py\_imgproc/py\_colorspaces/py\_colorspaces.html}, author={Mordvintsev, Alexander}, year={2013}}

@misc{Sharma, title={WebCam Motion Detector in Python}, url={https://www.geeksforgeeks.org/webcam-motion-detector-python/}, author={Sharma}}

@misc{picovoice_2018, title={Porcupine on-device wake word detection powered by deep learning}, url={https://github.com/Picovoice/Porcupine}, journal={Porcupine GitHub}, author={Picovoice}, year={2018}, month={Nov}}
